@misc{the,
  title = {The 2021 Kidney Tumor Segmentation Challenge},
  url = {https://kits21.kits-challenge.org/},
  urldate = {2022-05-05},
  organization = {kits21.kits-challenge.org}
}