
@misc{the,
	organization = {kits21.kits-challenge.org},
	title = {The 2021 Kidney Tumor Segmentation Challenge},
	url = {https://kits21.kits-challenge.org/},
	urldate = {2022-05-05},
	bdsk-url-1 = {https://kits21.kits-challenge.org/}}
